@article{aldous1981representations,
  author = {Aldous, David J},
  journal = {Journal of Multivariate Analysis},
  number = {4},
  pages = {581--598},
  title = {Representations for partially exchangeable arrays of
  random variables},
  volume = {11},
  year = {1981},
}

@inproceedings{anastasiou2019normal,
  title = {Normal approximation for stochastic gradient descent
  via non-asymptotic rates of martingale {CLT}},
  author = {Anastasiou, Andreas and Balasubramanian, Krishnakumar
  and Erdogdu, Murat A},
  booktitle = {Conference on Learning Theory},
  pages = {115--137},
  year = {2019},
  organization = {Proceedings of Machine Learning Research}
}

@article{arcones1993limit,
  title = {Limit theorems for {U}-processes},
  author = {Arcones, Miguel A and Gin{\'e}, Evarist},
  journal = {Annals of Probability},
  pages = {1494--1542},
  year = {1993},
}

@article{arcones1995bernstein,
  author = {Arcones, Miguel A},
  journal = {Statistics \& Probability Letters},
  number = {3},
  pages = {239--247},
  title = {A {Bernstein}-type inequality for {U}-statistics and
  {U}-processes},
  volume = {22},
  year = {1995},
}

@inproceedings{arnould2023interpolation,
  title = {Is interpolation benign for random forest regression?},
  author = {Arnould, Ludovic and Boyer, Claire and Scornet, Erwan},
  booktitle = {International Conference on
  Artificial Intelligence and Statistics},
  pages = {5493--5548},
  year = {2023},
  organization = {Proceedings of Machine Learning Research},
}

@article{atchade2014martingale,
  title = {A martingale decomposition for quadratic forms of {Markov}
  chains (with applications)},
  author = {Atchad{\'e}, Yves F and Cattaneo, Matias D},
  journal = {Stochastic Processes and their Applications},
  volume = {124},
  number = {1},
  pages = {646--677},
  year = {2014},
}

@article{baxter1994norm,
  title = {Norm estimates for inverses of {Toeplitz} distance matrices},
  author = {Baxter, Brad J. C.},
  journal = {Journal of Approximation Theory},
  volume = {79},
  number = {2},
  pages = {222--242},
  year = {1994},
}

@article{belloni2015some,
  title = {Some new asymptotic theory for least squares series:
  Pointwise and uniform results},
  author = {Belloni, Alexandre and Chernozhukov, Victor
  and Chetverikov, Denis and Kato, Kengo},
  journal = {Journal of Econometrics},
  volume = {186},
  number = {2},
  pages = {345--366},
  year = {2015},
}

@article{belloni2018high,
  title = {A high dimensional central limit theorem for martingales,
  with applications to context tree models},
  author = {Belloni, Alexandre and Oliveira, Roberto I},
  journal = {Preprint},
  note = {\arxiv{1809.02741}},
  year = {2018}
}

@article{belloni2019conditional,
  author = {Belloni, Alexandre and Chernozhukov, Victor and
  Chetverikov, Denis and Fern{\'a}ndez-Val, Iv{\'a}n},
  journal = {Journal of Econometrics},
  number = {1},
  pages = {4--29},
  title = {Conditional quantile processes based on series or
  many regressors},
  volume = {213},
  year = {2019},
}

@article{berthet2006revisiting,
  title = {Revisiting two strong approximation results
  of {Dudley} and {Philipp}},
  author = {Berthet, Philippe and Mason, David M},
  journal = {Lecture Notes--Monograph Series},
  pages = {155--172},
  volume = {51},
  year = {2006},
  note = {High Dimensional Probability},
}

@book{bhatia1997matrix,
  author = {Bhatia, Rajendra},
  publisher = {Springer},
  address = {New York, NY},
  series = {Graduate Texts in Mathematics},
  title = {Matrix Analysis},
  volume = {169},
  year = {1997},
}

@article{biau2012analysis,
  title = {Analysis of a random forests model},
  author = {Biau, G{\'e}rard},
  journal = {Journal of Machine Learning Research},
  volume = {13},
  pages = {1063--1095},
  year = {2012},
}

@incollection{biau2015high,
  title = {High-Dimensional $p$-Norms},
  author = {Biau, G{\'e}rard and Mason, David M},
  booktitle = {Mathematical Statistics and Limit Theorems},
  editor = {Marc Hallin and David M Mason and Dietmar Pfeifer
  and Josef G. Steinebach},
  pages = {21--40},
  year = {2015},
  publisher = {Springer}
}

@article{birge2001alternative,
  author = {Birg{\'e}, Lucien},
  journal = {Lecture Notes--Monograph Series},
  pages = {113--133},
  title = {An alternative point of view on {Lepski}'s method},
  volume = {36},
  year = {2001},
  note = {State of the Art in Probability and Statistics}
}

@book{boucheron2013concentration,
  title = {Concentration Inequalities:
  A Nonasymptotic Theory of Independence},
  author = {Boucheron, St{\'e}phane and Lugosi, G{\'a}bor and Massart, Pascal},
  year = {2013},
  publisher = {Oxford University Press},
}

@article{bradley2005basic,
  title = {Basic Properties of Strong Mixing Conditions.
  {A} survey and Some Open Questions},
  author = {Bradley, Richard C},
  journal = {Probability Surveys},
  volume = {2},
  pages = {107--144},
  year = {2005}
}

@article{breiman2001random,
  title = {Random forests},
  author = {Breiman, Leo},
  journal = {Machine learning},
  volume = {45},
  pages = {5--32},
  year = {2001},
}

@misc{bureau2017daily,
  author = {{Bureau of Meteorology, Australian Government}},
  title = {Daily Weather Observations},
  year = {2017},
  note = {\href{http://www.bom.gov.au/climate/data/}
    {\texttt{http://www.bom.gov.au/climate/data/}}.
  Accessed October 2023},
}

@inproceedings{buzun2022strong,
  title = {Strong {Gaussian} Approximation for the Sum of Random Vectors},
  author = {Buzun, Nazar and Shvetsov, Nikolay and Dylov, Dmitry V},
  booktitle = {Conference on Learning Theory},
  volume = {178},
  pages = {1693--1715},
  year = {2022},
  organization = {Proceedings of Machine Learning Research}
}

@article{calonico2018effect,
  author = {Calonico, Sebastian and Matias D. Cattaneo and
  Max H. Farrell},
  journal = {Journal of the American Statistical Association},
  number = {522},
  pages = {767--779},
  title = {On the Effect of Bias Estimation on Coverage Accuracy
  in Nonparametric Inference},
  volume = {113},
  year = {2018},
}

@article{calonico2022coverage,
  author = {Calonico, Sebastian and Matias D. Cattaneo and
  Max H. Farrell},
  journal = {Bernoulli},
  volume = {28},
  number = {4},
  pages = {2998--3022},
  title = {Coverage Error Optimal Confidence Intervals for Local
  Polynomial Regression},
  year = {2022},
}

@inproceedings{caruana2004ensemble,
  title = {Ensemble selection from libraries of models},
  author = {Caruana, Rich and Niculescu-Mizil, Alexandru and
  Crew, Geoff and Ksikes, Alex},
  booktitle = {Proceedings of the Twenty-First
  International Conference on Machine Learning},
  pages = {18},
  year = {2004}
}

@article{cattaneo2020large,
  author = {Matias D. Cattaneo and Max H. Farrell and Yingjie Feng},
  title = {{Large sample properties of partitioning-based series estimators}},
  volume = {48},
  journal = {Annals of Statistics},
  number = {3},
  pages = {1718--1741},
  keywords = {Nonparametric regression, robust bias correction,
    series methods, sieve methods, strong approximation,
  tuning parameter selection, uniform inference},
  year = {2020},
}

@article{cattaneo2022yurinskii,
  author = {Cattaneo, Matias Damian and Masini, Ricardo Pereira
  and Underwood, William George},
  title = {{Yurinskii's} Coupling for Martingales},
  year = {2022},
  journal = {Preprint},
  note = {\arxiv{2210.00362}}
}

@article{cattaneo2023inference,
  author = {Cattaneo, Matias Damian and Klusowski, Jason M
  and Underwood, William George},
  title = {Inference with {Mondrian} Random Forests},
  journal = {Preprint},
  year = {2023},
  note = {\arxiv{2310.09702}}
}

@article{cattaneo2024uniform,
  author = {Cattaneo, Matias Damian and Feng, Yingjie
  and Underwood, William George},
  title = {Uniform Inference for Kernel Density Estimators with Dyadic Data},
  year = {2024},
  journal = {Journal of the American Statistical Association},
  volume = {forthcoming},
}

@article{chatterjee2006generalization,
  title = {A generalization of the {Lindeberg} principle},
  author = {Chatterjee, Sourav},
  journal = {Annals of Probability},
  volume = {34},
  number = {6},
  pages = {2061--2076},
  year = {2006}
}

@article{chen2020jackknife,
  title = {Jackknife multiplier bootstrap: finite sample approximations to the
  {U}-process supremum with applications},
  author = {Chen, Xiaohui and Kato, Kengo},
  journal = {Probability Theory and Related Fields},
  volume = {176},
  number = {3},
  pages = {1097--1163},
  year = {2020},
}

@article{chernozhukov2013gaussian,
  title = {Gaussian approximations and multiplier bootstrap for maxima of
  sums of high-dimensional random vectors},
  author = {Chernozhukov, Victor and Chetverikov, Denis and Kato, Kengo},
  journal = {Annals of Statistics},
  volume = {41},
  number = {6},
  pages = {2786--2819},
  year = {2013},
}

@article{chernozhukov2013inference,
  title = {Inference on counterfactual distributions},
  author = {Chernozhukov, Victor and
  Fern{\'a}ndez-Val, Iv{\'a}n and Melly, Blaise},
  journal = {Econometrica},
  volume = {81},
  number = {6},
  pages = {2205--2268},
  year = {2013},
}

@article{chernozhukov2014anti,
  title = {Anti-concentration and honest, adaptive confidence bands},
  author = {Chernozhukov, Victor and Chetverikov, Denis and Kato, Kengo},
  journal = {Annals of Statistics},
  volume = {42},
  number = {5},
  pages = {1787--1818},
  year = {2014},
}

@article{chernozhukov2014gaussian,
  title = {Gaussian approximation of suprema of empirical processes},
  author = {Chernozhukov, Victor and Chetverikov, Denis and Kato, Kengo},
  journal = {Annals of Statistics},
  volume = {42},
  number = {4},
  pages = {1564--1597},
  year = {2014},
}

@article{chernozhukov2016empirical,
  title = {Empirical and multiplier bootstraps for suprema of
    empirical processes of increasing complexity,
  and related {Gaussian} couplings},
  author = {Chernozhukov, Victor and Chetverikov, Denis and Kato, Kengo},
  journal = {Stochastic Processes and their Applications},
  volume = {126},
  number = {12},
  pages = {3632--3651},
  year = {2016},
}

@article{chernozhukov2017central,
  author = {Victor Chernozhukov and Denis Chetverikov and Kengo Kato},
  title = {{Central limit theorems and bootstrap in high dimensions}},
  volume = {45},
  journal = {Annals of Probability},
  number = {4},
  pages = {2309--2352},
  year = {2017},
}

@article{chernozhukov2017detailed,
  title = {Detailed proof of {Nazarov}'s inequality},
  author = {Chernozhukov, Victor and Chetverikov, Denis and Kato, Kengo},
  journal = {Preprint},
  note = {\arxiv{1711.10696}},
  year = {2017}
}

@article{chernozhukov2023nearly,
  title = {Nearly optimal central limit theorem and
  bootstrap approximations in high dimensions},
  author = {Chernozhukov, Victor and Chetverikov, Denis and Koike, Yuta},
  journal = {Annals of Applied Probability},
  volume = {33},
  number = {3},
  pages = {2374--2425},
  year = {2023}
}

@article{chi2022asymptotic,
  title = {Asymptotic Properties of High-Dimensional Random Forests},
  author = {Chi, Chien-Ming and Vossler, Patrick and
  Fan, Yingying and Lv, Jinchi},
  volume = {50},
  journal = {Annals of Statistics},
  number = {6},
  pages = {3415--3438},
  year = {2022}
}

@article{chiang2020empirical,
  title = {Empirical likelihood and uniform convergence rates
  for dyadic kernel density estimation},
  author = {Harold D. Chiang and Bing Yang Tan},
  journal = {Journal of Business and Economic Statistics},
  volume = {41},
  number = {3},
  pages = {906--914},
  year = {2023},
}

@article{chiang2022inference,
  author = {Harold D. Chiang and Kengo Kato and Yuya Sasaki},
  journal = {Journal of the American Statistical Association},
  title = {Inference for High-Dimensional Exchangeable Arrays},
  volume = {118},
  number = {543},
  pages = {1595--1605},
  year = {2023},
}

@article{cuny2014martingale,
  title = {On martingale approximations and the quenched weak
  invariance principle},
  author = {Cuny, Christophe and Merlev{\`e}de, Florence},
  journal = {Annals of Probability},
  volume = {42},
  number = {2},
  pages = {760--793},
  year = {2014},
}

@article{davezies2021exchangeable,
  author = {Laurent Davezies and Xavier D'Haultf{\oe}uille
  and Yannick Guyonvarch},
  journal = {Annals of Statistics},
  number = {2},
  pages = {845--862},
  title = {Empirical process results for exchangeable arrays},
  volume = {49},
  year = {2021},
}

@article{dedecker2007weak,
  title = {On the weak invariance principle for non-adapted sequences
  under projective criteria},
  author = {Dedecker, J{\'e}r{\^o}me and Merlev{\`e}de,
  Florence and Voln{\`y}, Dalibor},
  journal = {Journal of Theoretical Probability},
  volume = {20},
  pages = {971--1004},
  year = {2007},
}

@article{dehling1983limit,
  title = {Limit theorems for sums of weakly dependent
  {Banach} space valued random variables},
  author = {Dehling, Herold},
  journal = {Zeitschrift f{\"u}r Wahrscheinlichkeitstheorie
  und verwandte Gebiete},
  volume = {63},
  number = {3},
  pages = {393--432},
  year = {1983},
}

@article{delapena1995decoupling,
  author = {de la Pe{\~n}a, Victor H and
  Montgomery-Smith, Stephen J},
  journal = {Annals of Probability},
  number = {2},
  pages = {806--816},
  title = {Decoupling inequalities for the tail probabilities of
  multivariate {U}-statistics},
  volume = {23},
  year = {1995},
}

@article{dinardo1996distribution,
  title = {Labor Market Institutions and the Distribution of Wages, 1973--1992:
  A Semiparametric Approach},
  author = {John DiNardo and Nicole M Fortin and Thomas Lemieux},
  journal = {Econometrica},
  volume = {64},
  number = {5},
  pages = {1001--1004},
  year = {1996}
}

@article{dudley1983invariance,
  title = {Invariance principles for sums of {Banach} space
  valued random elements and empirical processes},
  author = {Dudley, RM and Philipp, Walter},
  journal = {Zeitschrift f{\"u}r Wahrscheinlichkeitstheorie
  und verwandte Gebiete},
  volume = {62},
  number = {4},
  pages = {509--552},
  year = {1983},
}

@book{dudley1999uniform,
  author = {Dudley, R. M.},
  publisher = {Cambridge University Press},
  series = {Cambridge Studies in Advanced Mathematics},
  title = {Uniform Central Limit Theorems},
  year = {1999},
}

@article{duroux2018impact,
  title={Impact of subsampling and tree depth on random forests},
  author={Duroux, Roxane and Scornet, Erwan},
  journal={ESAIM: Probability and Statistics},
  volume={22},
  pages={96--128},
  year={2018},
}

@article{efron1981jackknife,
  title = {The jackknife estimate of variance},
  author = {Efron, Bradley and Stein, Charles},
  journal = {Annals of Statistics},
  pages = {586--596},
  year = {1981},
}

@book{eggermont2009maximum,
  title = {Maximum Penalized Likelihood Estimation: Volume II: Regression},
  author = {Eggermont, Paul P B and LaRiccia, Vincent N},
  series = {Springer Series in Statistics},
  year = {2009},
  publisher = {Springer},
  address = {New York, NY},
}

@book{fan1996local,
  author = {Fan, J. and I. Gijbels},
  title = {Local Polynomial Modelling and Its Applications},
  series = {Monographs on Statistics and Applied Probability},
  volume = {66},
  publisher = {Chapman \& Hall/CRC},
  address = {New York, NY},
  year = {1996}
}

@book{fan2020statistical,
  title = {Statistical Foundations of Data Science},
  series = {Data Science Series},
  author = {Fan, Jianqing and Li, Runze and Zhang, Cun-Hui and Zou, Hui},
  year = {2020},
  publisher = {Chapman \& Hall/CRC},
  address = {New York, NY},
}

@article{friedberg2020local,
  title = {Local linear forests},
  author = {Friedberg, Rina and Tibshirani, Julie and Athey, Susan
  and Wager, Stefan},
  journal = {Journal of Computational and Graphical Statistics},
  volume = {30},
  number = {2},
  pages = {503--517},
  year = {2020},
}

@article{gao2021minimax,
  author = {Gao, Chao and Ma, Zongming},
  journal = {Statistical Science},
  number = {1},
  pages = {16--33},
  title = {Minimax rates in network analysis: Graphon
    estimation, community detection and hypothesis
  testing},
  volume = {36},
  year = {2021},
}

@article{gao2022towards,
  title = {Towards convergence rate analysis of
  random forests for classification},
  author = {Gao, Wei and Xu, Fan and Zhou, Zhi-Hua},
  journal = {Artificial Intelligence},
  volume = {313},
  pages = {103788},
  year = {2022},
}

@book{geer2000empirical,
  title = {Empirical Processes in {M}-Estimation},
  author = {Sara A van de Geer},
  volume = {6},
  year = {2000},
  publisher = {Cambridge University Press},
  series = {Cambridge Series in Statistical and Probabilistic Mathematics},
}

@article{giessing2023anti,
  title = {Anti-concentration of Suprema of {Gaussian} Processes
  and {Gaussian} Order Statistics},
  author = {Giessing, Alexander},
  journal = {Preprint},
  note = {\arxiv{2310.12119}},
  year = {2023}
}

@incollection{gine2000exponential,
  author = {Gin{\'e}, Evarist and Lata{\l}a, Rafa{\l} and
  Zinn, Joel},
  booktitle = {High Dimensional Probability II},
  pages = {13--38},
  publisher = {Birkh{\"a}user},
  address = {Boston, MA},
  title = {Exponential and moment inequalities for
  {U}-statistics},
  year = {2000},
  editor = {Evarist Gin{\'e} and David M Mason and Jon A Wellner},
}

@article{gine2004kernel,
  author = {Gin{\'e}, Evarist and Koltchinskii, Vladimir and
  Sakhanenko, Lyudmila},
  journal = {Probability Theory and Related Fields},
  number = {2},
  pages = {167--198},
  title = {Kernel density estimators: convergence in
  distribution for weighted sup-norms},
  volume = {130},
  year = {2004},
}

@article{gine2010confidence,
  author = {Gin{\'e}, Evarist and Nickl, Richard},
  journal = {Annals of Statistics},
  number = {2},
  pages = {1122--1170},
  title = {Confidence bands in density estimation},
  volume = {38},
  year = {2010},
}

@book{gine2021mathematical,
  author = {Gin{\'e}, Evarist and Nickl, Richard},
  publisher = {Cambridge University Press},
  series = {Cambridge Series in Statistical and Probabilistic
  Mathematics},
  title = {Mathematical Foundations of Infinite-Dimensional
  Statistical Models},
  year = {2021},
}

@incollection{graham2020network,
  author = {Graham, Bryan S},
  booktitle = {Handbook of Econometrics},
  pages = {111--218},
  publisher = {Elsevier},
  title = {Network data},
  volume = {7},
  year = {2020},
  editor = {Steven N Durlauf and Lars Peter Hansen and James J. Heckman and
  Rosa L Matzkin},
}

@techreport{graham2021minimax,
  author = {Graham, Bryan S and Niu, Fengshi and Powell, James L},
  institution = {National Bureau of Economic Research},
  title = {Minimax Risk and Uniform Convergence Rates for
  Nonparametric Dyadic Regression},
  year = {2021},
}

@article{graham2024kernel,
  title = {Kernel density estimation for undirected dyadic data},
  author = {Graham, Bryan S and Niu, Fengshi and Powell, James L},
  journal = {Journal of Econometrics},
  volume = {240},
  number = {2},
  year = {2024},
}

@book{hall1980martingale,
  title = {Martingale Limit Theory and its Application},
  author = {Hall, Peter and Heyde, Christopher C},
  year = {1980},
  publisher = {Academic Press},
  address = {New York, NY},
}

@article{hall1992effect,
  author = {Hall, Peter},
  journal = {Annals of Statistics},
  volume = {20},
  number = {2},
  pages = {675--694},
  title = {Effect of bias estimation on coverage accuracy of
    bootstrap confidence intervals for a probability
  density},
  year = {1992},
}

@article{hall2001bootstrapping,
  author = {Hall, Peter and Kang, Kee-Hoon},
  journal = {Annals of Statistics},
  number = {5},
  pages = {1443--1468},
  title = {Bootstrapping nonparametric density estimators with
  empirically chosen bandwidths},
  volume = {29},
  year = {2001},
}

@incollection{head2014gravity,
  title = {Gravity equations: Workhorse, toolkit, and cookbook},
  author = {Head, Keith and Mayer, Thierry},
  booktitle = {Handbook of International Economics},
  volume = {4},
  pages = {131--195},
  year = {2014},
  publisher = {Elsevier},
  editor = {Gita Gopinath and Elhanan Helpman and Kenneth Rogoff},
}

@article{hoover1979relations,
  author = {Hoover, Douglas N},
  journal = {Preprint, Institute for Advanced Study, Princeton,
  NJ},
  title = {Relations on probability spaces and arrays of random
  variables},
  year = {1979},
}

@article{huang2003local,
  title = {Local asymptotics for polynomial spline regression},
  author = {Huang, Jianhua Z},
  journal = {Annals of Statistics},
  volume = {31},
  number = {5},
  pages = {1600--1635},
  year = {2003},
}

@book{kenny2020dyadic,
  title = {Dyadic Data Analysis},
  author = {Kenny, David A and Kashy, Deborah A and Cook, William L},
  year = {2020},
  series = {Methodology in the Social Sciences Series},
  publisher = {Guilford Press}
}

@article{khasminskii1978lower,
  author = {Khasminskii, Rafail Z},
  journal = {Theory of Probability and its Applications},
  number = {4},
  pages = {794--798},
  title = {A lower bound on the risks of nonparametric estimates
  of densities in the uniform metric},
  volume = {23},
  year = {1978},
}

@inproceedings{klusowski2021sharp,
  title = {Sharp analysis of a simple model for random forests},
  author = {Klusowski, Jason M},
  booktitle = {International Conference on
  Artificial Intelligence and Statistics},
  pages = {757--765},
  year = {2021},
  organization = {Proceedings of Machine Learning Research}
}

@article{klusowski2024large,
  title = {Large scale prediction with decision trees},
  author = {Klusowski, Jason M and Tian, Peter M},
  journal = {Journal of the American Statistical Association},
  pages = {525-537},
  volume = {119},
  number = {545},
  year = {2024},
}

@article{koike2021notes,
  title = {Notes on the dimension dependence in high-dimensional
  central limit theorems for hyperrectangles},
  author = {Koike, Yuta},
  journal = {Japanese Journal of Statistics and Data Science},
  volume = {4},
  pages = {257--297},
  year = {2021},
}

@book{kolaczyk2009statistical,
  author = {Kolaczyk, Eric D},
  year = {2009},
  title = {Statistical Analysis of Network Data: Methods and Models},
  series = {Springer Series in Statistics},
  publisher = {Springer},
  address = {New York, NY},
}

@article{komlos1975approximation,
  author = {Koml{\'o}s, J{\'a}nos and Major, P{\'e}ter and
  Tusn{\'a}dy, G{\'a}bor},
  journal = {Zeitschrift f{\"u}r Wahrscheinlichkeitstheorie und
  verwandte Gebiete},
  number = {1-2},
  pages = {111--131},
  title = {An approximation of partial sums of independent
  {RV}s, and the sample {DF}. {I}},
  volume = {32},
  year = {1975},
}

@article{kozbur2021dimension,
  title = {Dimension-Free Anticoncentration Bounds for {Gaussian}
    Order Statistics with Discussion of
  Applications to Multiple Testing},
  author = {Kozbur, Damian},
  journal = {Preprint},
  note = {\arxiv{2107.10766}},
  year = {2021}
}

@article{kwapien1991hypercontraction,
  author = {Kwapien, Stanislaw and Szulga, Jerzy},
  journal = {Annals of Probability},
  number = {1},
  pages = {369--379},
  title = {Hypercontraction methods in moment inequalities for
    series of independent random variables in normed
  spaces},
  volume = {19},
  year = {1991},
}

@article{lakshminarayanan2014mondrian,
  title = {Mondrian forests: Efficient online random forests},
  author = {Lakshminarayanan, Balaji and Roy, Daniel M and Teh, Yee Whye},
  journal = {Advances in Neural Information Processing Systems},
  volume = {27},
  year = {2014}
}

@inproceedings{lakshminarayanan2016mondrian,
  title = {Mondrian forests for large-scale regression
  when uncertainty matters},
  author = {Lakshminarayanan, Balaji and Roy, Daniel M and Teh, Yee Whye},
  booktitle = {Artificial Intelligence and Statistics},
  pages = {1478--1487},
  year = {2016},
  organization = {Proceedings of Machine Learning Research}
}

@incollection{laurent2005semidefinite,
  author = {Monique Laurent and Franz Rendl},
  booktitle = {Discrete Optimization},
  pages = {393--514},
  publisher = {Elsevier},
  series = {Handbooks in Operations Research and Management
  Science},
  title = {Semidefinite Programming and Integer Programming},
  volume = {12},
  year = {2005},
  editor = {K Aardal and G L Nemhauser and R Weismantel},
}

@techreport{lecam1988,
  author = {Le Cam, L},
  title = {On the {Prokhorov} distance between the empirical process
  and the associated {Gaussian} bridge},
  institution = {University of California, Berkeley},
  year = {1988}
}

@book{ledoux1991probability,
  author = {Ledoux, Michel and Talagrand, Michel},
  publisher = {Springer},
  series = {Classics in Mathematics},
  address = {Berlin, Heidelberg},
  title = {Probability in Banach Spaces},
  year = {1991},
}

@book{legall2016brownian,
  author = {Le Gall, Jean-Fran{\c{c}}ois},
  publisher = {Springer},
  address = {Berlin, Heidelberg},
  title = {Brownian Motion, Martingales, and Stochastic
  Calculus},
  series = {Graduate Texts in Mathematics},
  volume = {274},
  year = {2016},
}

@article{lepskii1992asymptotically,
  author = {Lepskii, O V},
  journal = {Theory of Probability \& its Applications},
  number = {4},
  pages = {682--697},
  title = {Asymptotically minimax adaptive estimation. {I}:
  Upper bounds. Optimally adaptive estimates},
  volume = {36},
  year = {1992},
}

@article{li2020uniform,
  title = {Uniform nonparametric inference for time series},
  journal = {Journal of Econometrics},
  volume = {219},
  number = {1},
  pages = {38-51},
  year = {2020},
  author = {Jia Li and Zhipeng Liao}
}

@article{lopes2020bootstrapping,
  title = {Bootstrapping max statistics in high dimensions:
    Near-parametric rates under weak variance decay
  and application to functional and multinomial data},
  author = {Lopes, Miles E and Lin, Zhenhua and M{\"u}ller, Hans-Georg},
  journal = {Annals of Statistics},
  volume = {48},
  number = {2},
  pages = {1214--1229},
  year = {2020},
}

@article{lopes2022central,
  title = {Central limit theorem and bootstrap approximation in high
  dimensions: Near $1/n$ rates via implicit smoothing},
  author = {Lopes, Miles E},
  journal = {Annals of Statistics},
  volume = {50},
  number = {5},
  pages = {2492--2513},
  year = {2022},
}

@article{luke2007network,
  title = {Network analysis in public health: history,
  methods, and applications},
  author = {Luke, Douglas A and Harris, Jenine K},
  journal = {Annual Review of Public Health},
  volume = {28},
  pages = {69--93},
  year = {2007},
}

@inproceedings{ma2020isolation,
  title = {Isolation {Mondrian} forest for batch and online anomaly detection},
  author = {Ma, Haoran and Ghojogh, Benyamin and Samad, Maria N and
  Zheng, Dongyu and Crowley, Mark},
  booktitle = {2020 IEEE International Conference on Systems,
  Man, and Cybernetics},
  pages = {3051--3058},
  year = {2020},
  organization = {Institute of Electrical and Electronics Engineers},
}

@article{magda2018martingale,
  title = {Martingale approximations for random fields},
  author = {Magda, Peligrad and Zhang, Na},
  journal = {Electronic Communications in Probability},
  volume = {23},
  number = {28},
  pages = {1--9},
  year = {2018}
}

@article{matsushita2021jackknife,
  author = {Matsushita, Yukitoshi and Otsu, Taisuke},
  journal = {Biometrika},
  number = {3},
  pages = {661--674},
  title = {Jackknife empirical likelihood: small bandwidth,
  sparse network and high-dimensional asymptotics},
  volume = {108},
  year = {2021},
}

@article{mcleish1975invariance,
  title = {Invariance principles for dependent variables},
  author = {McLeish, Don L},
  journal = {Zeitschrift f{\"u}r Wahrscheinlichkeitstheorie
  und verwandte Gebiete},
  volume = {32},
  number = {3},
  pages = {165--178},
  year = {1975},
}

@incollection{merlevede2009bernstein,
  title = {Bernstein inequality and moderate deviations under
  strong mixing conditions},
  author = {Merlev{\`e}de, Florence and Peligrad, Magda and Rio, Emmanuel},
  booktitle = {High Dimensional Probability V, the Luminy volume},
  pages = {273--292},
  year = {2009},
  publisher = {Institute of Mathematical Statistics},
  editor = {Christian Houdr{\'e} and Vladimir Koltchinskii and
  David M Mason and Magda Peligrad},
}

@article{minsker2019moment,
  author = {Minsker, Stanislav and Wei, Xiaohan},
  journal = {Electronic Journal of Probability},
  number = {133},
  pages = {1--32},
  title = {Moment inequalities for matrix-valued {U}-statistics
  of order 2},
  volume = {24},
  year = {2019},
}

@manual{mosek,
  author = {{MOSEK ApS}},
  title = {The {MOSEK} {Optimizer} {API} for {C} manual. Version
  9.3},
  year = {2021},
}

@article{mourtada2017universal,
  title = {Universal consistency and minimax rates for
  online {Mondrian} forests},
  author = {Mourtada, Jaouad and Ga{\"\i}ffas, St{\'e}phane and Scornet, Erwan},
  journal = {Advances in Neural Information Processing Systems},
  volume = {30},
  year = {2017}
}

@article{mourtada2020minimax,
  title = {Minimax optimal rates for {Mondrian} trees and forests},
  author = {Mourtada, Jaouad and Ga{\"i}ffas, St{\'e}phane and Scornet, Erwan},
  journal = {Annals of Statistics},
  volume = {48},
  number = {4},
  pages = {2253--2276},
  year = {2020},
}

@article{mourtada2021amf,
  title = {{AMF}: Aggregated {Mondrian} forests for online learning},
  author = {Mourtada, Jaouad and Ga{\"\i}ffas, St{\'e}phane and Scornet, Erwan},
  journal = {Journal of the Royal Statistical Society Series B:
  Statistical Methodology},
  volume = {83},
  number = {3},
  pages = {505--533},
  year = {2021},
}

@incollection{nazarov2003maximal,
  title = {On the Maximal Perimeter of a Convex Set in $\mathbb{R}^n$
  with Respect to a {Gaussian} Measure},
  author = {Nazarov, Fedor},
  booktitle = {Geometric Aspects of Functional Analysis},
  pages = {169--187},
  year = {2003},
  publisher = {Springer},
  editor = {Vitali D Milman and Gideon Schechtman},
}

@article{oreilly2022stochastic,
  title = {Stochastic geometry to generalize the {Mondrian} process},
  author = {O'Reilly, Eliza and Tran, Ngoc Mai},
  journal = {SIAM Journal on Mathematics of Data Science},
  volume = {4},
  number = {2},
  pages = {531--552},
  year = {2022},
}

@incollection{peligrad2010conditional,
  title = {Conditional central limit theorem via martingale approximation},
  author = {Peligrad, M},
  booktitle = {Dependence in Probability, Analysis and Number Theory,
  volume in memory of Walter Philipp},
  pages = {295--311},
  year = {2010},
  publisher = {Kendrick Press},
  editor = {Istvan Berkes and Richard C Bradley and Herold Dehling
  and Magda Peligrad and Robert Tichy},
}

@book{pollard2002user,
  author = {Pollard, David},
  publisher = {Cambridge University Press},
  title = {A User's Guide to Measure Theoretic Probability},
  series = {Cambridge Series in Statistical and Probabilistic Mathematics},
  year = {2002},
}

@article{rakhlin2015sequential,
  title = {Sequential complexities and uniform martingale
  laws of large numbers},
  author = {Rakhlin, Alexander and Sridharan, Karthik and Tewari, Ambuj},
  journal = {Probability Theory and Related Fields},
  volume = {161},
  number = {1},
  pages = {111--153},
  year = {2015},
}

@article{ray2021bernstein,
  title = {On the {Bernstein}--von {Mises} theorem for the {Dirichlet} process},
  author = {Ray, Kolyan and van der Vaart, Aad},
  journal = {Electronic Journal of Statistics},
  volume = {15},
  number = {1},
  pages = {2224--2246},
  year = {2021},
}

@book{rio2017asymptotic,
  title = {Asymptotic Theory of Weakly Dependent Random Processes},
  series = {Probability Theory and Stochastic Modelling},
  author = {Rio, Emmanuel},
  volume = {80},
  year = {2017},
  publisher = {Springer},
  address = {Berlin, Heidelberg},
}

@inproceedings{roy2008mondrian,
  title = {The {Mondrian} Process.},
  author = {Roy, Daniel M and Teh, Yee Whye},
  booktitle = {Neural Information Processing Systems},
  volume = {21},
  year = {2008}
}

@book{royden1988real,
  author = {Royden, Halsey Lawrence and Fitzpatrick, Patrick},
  publisher = {Macmillan},
  address = {New York, NY},
  title = {Real Analysis},
  year = {1988},
}

@article{schucany1977improvement,
  title = {Improvement of kernel type density estimators},
  author = {Schucany, William R and Sommers, John P},
  journal = {Journal of the American Statistical Association},
  volume = {72},
  number = {358},
  pages = {420--423},
  year = {1977},
}

@article{scillitoe2021uncertainty,
  title = {Uncertainty quantification for data-driven turbulence
  modelling with {Mondrian} forests},
  author = {Scillitoe, Ashley and Seshadri, Pranay and Girolami, Mark},
  journal = {Journal of Computational Physics},
  volume = {430},
  pages = {110116},
  year = {2021},
}

@article{scornet2015consistency,
  author = {Erwan Scornet and G{\'e}rard Biau and Jean-Philippe Vert},
  journal = {Annals of Statistics},
  keywords = {Additive model, consistency, Dimension reduction,
  random forests, Randomization, Sparsity},
  number = {4},
  pages = {1716--1741},
  title = {Consistency of random forests},
  volume = {43},
  year = {2015},
}

@article{settati2009gaussian,
  title = {Gaussian approximation of the empirical process
  under random entropy conditions},
  author = {Settati, Adel},
  journal = {Stochastic Processes and their Applications},
  volume = {119},
  number = {5},
  pages = {1541--1560},
  year = {2009},
}

@article{sheehy1992uniform,
  title = {Uniform {Donsker} classes of functions},
  author = {Sheehy, Anne and Wellner, Jon A},
  journal = {Annals of Probability},
  volume = {20},
  number = {4},
  pages = {1983--2030},
  year = {1992},
}

@book{simonoff1996smoothing,
  title = {Smoothing Methods in Statistics},
  author = {Simonoff, Jeffrey S},
  series = {Springer Series in Statistics},
  year = {1996},
  publisher = {Springer Science},
  address = {New York, NY},
}

@article{stone1982optimal,
  title = {Optimal global rates of convergence for nonparametric regression},
  author = {Stone, Charles J},
  journal = {Annals of Statistics},
  pages = {1040--1053},
  year = {1982},
}

@book{van1996weak,
  title = {Weak Convergence and Empirical Processes},
  author = {van der Vaart, Aad Willem and Wellner, Jon August},
  year = {1996},
  series = {Springer Series in Statistics},
  publisher = {Springer},
  address = {New York, NY},
}

@article{van2013bernstein,
  title = {The {Bernstein}--{Orlicz} norm and deviation inequalities},
  author = {van de Geer, Sara and Lederer, Johannes},
  journal = {Probability Theory and Related Fields},
  volume = {157},
  number = {1},
  pages = {225--250},
  year = {2013},
}

@inproceedings{vicuna2021reducing,
  title = {Reducing numerical precision preserves classification
  accuracy in {Mondrian} Forests},
  author = {Vicuna, Marc and Khannouz, Martin and Kiar, Gregory and Chatelain,
  Yohan and Glatard, Tristan},
  booktitle = {2021 IEEE International Conference on Big Data},
  pages = {2785--2790},
  year = {2021},
  organization = {Institute of Electrical and Electronics Engineers},
}

@book{wand1994kernel,
  author = {Wand, Matt P and Jones, M Chris},
  publisher = {Chapman \& Hall/CRC},
  address = {New York, NY},
  title = {Kernel Smoothing},
  year = {1994},
  series = {Monographs on Statistics and Applied Probability},
  volume = {60},
}

@article{wu2004martingale,
  title = {Martingale approximations for sums of stationary processes},
  author = {Wu, Wei Biao and Woodroofe, Michael},
  journal = {Annals of Probability},
  volume = {32},
  number = {2},
  pages = {1674--1690},
  year = {2004}
}

@article{yurinskii1978error,
  author = {Yurinskii, Vadim Vladimirovich},
  journal = {Theory of Probability \& its Applications},
  number = {2},
  pages = {236--247},
  title = {On the error of the {Gaussian} approximation for
  convolutions},
  volume = {22},
  year = {1978},
}

@article{zaitsev1987estimates,
  title = {Estimates of the {L}{\'e}vy--{Prokhorov} distance in the multivariate
    central limit theorem for random variables with
  finite exponential moments},
  author = {Zaitsev, A Yu},
  journal = {Theory of Probability \& Its Applications},
  volume = {31},
  number = {2},
  pages = {203--220},
  year = {1987},
}

@article{zaitsev1987gaussian,
  title = {On the {Gaussian} approximation of convolutions under
    multidimensional analogues of
  {S.\ N.\ Bernstein's} inequality conditions},
  author = {Zaitsev, A Yu},
  journal = {Probability Theory and Related Fields},
  volume = {74},
  number = {4},
  pages = {535--566},
  year = {1987},
}

@article{zhai2018high,
  title = {A high-dimensional {CLT} in $\mathcal{W}_2$
  distance with near optimal convergence rate},
  author = {Zhai, Alex},
  journal = {Probability Theory and Related Fields},
  volume = {170},
  number = {3},
  pages = {821--845},
  year = {2018},
}

@article{zhao2008martingale,
  title = {On martingale approximations},
  author = {Zhao, Ou and Woodroofe, Michael},
  journal = {Annals of Applied Probability},
  volume = {18},
  number = {5},
  pages = {1831--1847},
  year = {2008}
}

@article{zhou2019deep,
  title = {Deep forest},
  author = {Zhou, Zhi-Hua and Feng, Ji},
  journal = {National Science Review},
  volume = {6},
  number = {1},
  pages = {74--86},
  year = {2019},
}
